@article{ALPO03,
	title={An efficient genetic algorithm for the p-median problem},
	author={Alp, Osman and Erkut, Erhan and Drezner, Zvi},
	journal={Annals of Operations Research},
	volume={122},
	number={1},
	pages={21--42},
	year={2003},
	publisher={Springer}
}

@article{BEAS90,
  title={{OR}-{L}ibrary: distributing test problems by electronic mail},
  author={Beasley, John E},
  journal={Journal of the Operational Research Society},
  volume={41},
  number={11},
  pages={1069--1072},
  year={1990},
  publisher={Springer}
}

@article{CHIY00,
	title={A statistical analysis of simulated annealing applied to the p-median problem},
	author={Chiyoshi, Fernando and Galv\~{a}o, Roberto D},
	journal={Annals of Operations Research},
	volume={96},
	number={1},
	pages={61--74},
	year={2000},
	publisher={Springer}
}

@article{CURR02,
	title={Discrete network location models},
	author={Current, John and Daskin, Mark and Schilling, David and others},
	journal={Facility Location: Applications and Theory},
	volume={1},
	pages={81--118},
	year={2002},
	publisher={Springer, Berlin}
}

@incollection{DASK15,
	title={The p-median problem},
	author={Daskin, Mark S and Maass, Kayse Lee},
	booktitle={Location Science},
	pages={21--45},
	year={2015},
	publisher={Springer}
	chapter={Chapter 2}
}

@article{GOLD71,
	title={Optimal center location in simple networks},
	author={Goldman, AJ},
	journal={Transportation Science},
	volume={5},
	number={2},
	pages={212--221},
	year={1971},
	publisher={INFORMS}
}

@article{HAKI64,
	title={Optimum locations of switching centers and the absolute centers and medians of a graph},
	author={Hakimi, S Louis},
	journal={Operations Research},
	volume={12},
	number={3},
	pages={450--459},
	year={1964},
	publisher={INFORMS}
}

@article{HAKI65,
	title={Optimum distribution of switching centers in a communication network and some related graph theoretic problems},
	author={Hakimi, S Louis},
	journal={Operations Research},
	volume={13},
	number={3},
	pages={462--475},
	year={1965},
	publisher={INFORMS}
}

@article{HANS01,
	title={Variable neighborhood search: Principles and applications},
	author={Hansen, Pierre and Mladenovi{\'c}, Nenad},
	journal={European Journal of Operational Research},
	volume={130},
	number={3},
	pages={449--467},
	year={2001},
	publisher={Elsevier}
}

@article{KARI79,
	title={An algorithmic approach to network location problems. II: The p-medians},
	author={Kariv, Oded and Hakimi, S Louis},
	journal={SIAM Journal on Applied Mathematics},
	volume={37},
	number={3},
	pages={539--560},
	year={1979},
	publisher={SIAM}
}

@article{MARA64,
	title={On the location of supply points to minimize transport costs},
	author={Maranzana, FE},
	journal={OR},
	pages={261--270},
	year={1964},
	publisher={JSTOR}
}

@article{MARI02,
	title={Location problems in the public sector},
	author={Marianov, Vladimir and Serra, Daniel and others},
	journal={Facility Location: Applications and Theory},
	volume={1},
	pages={119--150},
	year={2002},
	publisher={Springer, Berlin}
}

@article{MLAD07,
	title={The p-median problem: A survey of metaheuristic approaches},
	author={Mladenovi{\'c}, Nenad and Brimberg, Jack and Hansen, Pierre and Moreno-P{\'e}rez, Jos{\'e} A},
	journal={European Journal of Operational Research},
	volume={179},
	number={3},
	pages={927--939},
	year={2007},
	publisher={Elsevier}
}

@article{TEIT68,
	title={Heuristic methods for estimating the generalized vertex median of a weighted graph},
	author={Teitz, Michael B and Bart, Polly},
	journal={Operations Research},
	volume={16},
	number={5},
	pages={955--961},
	year={1968},
	publisher={INFORMS}
}

@article{REVE05,
	title={Location analysis: A synthesis and survey},
	author={ReVelle, Charles S and Eiselt, Horst A},
	journal={European Journal of Operational Research},
	volume={165},
	number={1},
	pages={1--19},
	year={2005},
	publisher={Elsevier}
}

@article{REVE70,
	title={Central facilities location},
	author={ReVelle, Charles S and Swain, Ralph W},
	journal={Geographical Analysis},
	volume={2},
	number={1},
	pages={30--42},
	year={1970},
	publisher={Wiley Online Library}
}

@article{REVE08,
	title={A bibliography for some fundamental problem categories in discrete location science},
	author={Revelle, Charles S and Eiselt, Horst A and Daskin, Mark S},
	journal={European Journal of Operational Research},
	volume={184},
	number={3},
	pages={817--848},
	year={2008},
	publisher={Elsevier}
}

@article{ROLL97,
	title={An efficient tabu search procedure for the p-median problem},
	author={Rolland, Erik and Schilling, David A and Current, John R},
	journal={European Journal of Operational Research},
	volume={96},
	number={2},
	pages={329--342},
	year={1997},
	publisher={Elsevier}
}

@article{ROSI98,
	title={Heuristic concentration and tabu search: A head to head comparison},
	author={Rosing, Kenneth Earl and ReVelle, Charles S and Rolland, E and Schilling, DA and Current, JR},
	journal={European Journal of Operational Research},
	volume={104},
	number={1},
	pages={93--99},
	year={1998},
	publisher={Elsevier}
}

@article{TANS83,
	title={State of the artâ€”location on networks: a survey. Part I: the p-center and p-median problems},
	author={Tansel, Barbaros C and Francis, Richard L and Lowe, Timothy J},
	journal={Management Science},
	volume={29},
	number={4},
	pages={482--497},
	year={1983},
	publisher={INFORMS}
}

@article{WHIT83,
	title={A fast algorithm for the greedy interchange for large-scale clustering and median location problems},
	author={Whitaker, RA},
	journal={INFOR: Information Systems and Operational Research},
	volume={21},
	number={2},
	pages={95--108},
	year={1983},
	publisher={Taylor \& Francis}
}









@Manual{RPROGRAMME,
	title = {R: A Language and Environment for Statistical Computing},
	author = {{R Core Team}},
	organization = {R Foundation for Statistical Computing},
	address = {Vienna, Austria},
	year = {2013},
	url = {http://www.R-project.org/},
	
}
@Article{RIGRAPH,
	title = {The igraph software package for complex network research},
	author = {Gabor Csardi and Tamas Nepusz},
	journal = {InterJournal},
	volume = {Complex Systems},
	pages = {1695},
	year = {2006},
	url = {http://igraph.org},
}



